<?xml version="1.0" encoding="UTF-8"?><collection xmlns="http://www.loc.gov/MARC21/slim"><record><leader>00704nam--2200181-i-4500</leader><controlfield tag="001">000037534</controlfield><controlfield tag="002">20161230</controlfield><controlfield tag="005">20161230201041</controlfield><controlfield tag="008">060222s1000------------r-----000-0-fre-d</controlfield><datafield ind1=" " ind2=" " tag="040"><subfield code="a">IFIN-HH</subfield></datafield><datafield ind1=" " ind2=" " tag="041"><subfield code="a">fre</subfield></datafield><datafield ind1=" " ind2=" " tag="080"><subfield code="a">539.17.02:539.172.16(043)</subfield></datafield><datafield ind1="1" ind2=" " tag="100"><subfield code="a">Quechon, Henri</subfield></datafield><datafield ind1="1" ind2="0" tag="245"><subfield code="a">Determination de l`intensite des faisceaux de particules au moyen de reaction d`activation particule + c - 11c + x : mesure des sections efficaces de production du 11c dans le carbone par des ions incidents 2h,3h et 4he entre 0,15 et 0,8 gev par nucleon</subfield><subfield code="b">These</subfield><subfield code="c">Henri quechon</subfield></datafield><datafield ind1=" " ind2=" " tag="260"><subfield code="a">Orsay</subfield><subfield code="b">Universite De Paris-sud</subfield><subfield code="c">1980</subfield></datafield><datafield ind1=" " ind2=" " tag="300"><subfield code="a">II + 99P</subfield></datafield><datafield ind1=" " ind2=" " tag="852"><subfield code="a">49608</subfield><subfield code="c">539.17</subfield></datafield><datafield ind1=" " ind2=" " tag="CAT"><subfield code="a">Sys</subfield><subfield code="c">20120619</subfield><subfield code="h">142025</subfield></datafield></record></collection>